// TODO: add LOCAL links!!!
// TODO: urldate

// voice user interfaces

// file:///home/aiman/code/deixiscript/docs/attachments/alvin-voice-programming-language.pdf
@inproceedings{nichols2005voice,
  title={Voice-commanded Scripting Language for Programming Navigation Strategies on-the-fly},
  author={Nichols, Michael and Gupta, Gopal and Wang, Qian},
  booktitle={Proceedings of the HCI International 2005},
  year={2005},
}

@misc{lagergren2021programming,
  title={Programming by voice: Efficiency in the Reactive and Imperative Paradigm},
  author={Lagergren, Miriam and Soneryd, Max},
  year={2021}
}

@incollection{farinazzo2010empirical,
  title={An empirical approach for the evaluation of voice user interfaces},
  author={Farinazzo, Val{\'e}ria and Salvador, Martins and Kawamoto, Andre Luiz S and de Oliveira Neto, Jo{\~a}o Soares},
  booktitle={User Interfaces},
  year={2010},
  publisher={IntechOpen}
}

@inproceedings{arnold2000programming,
  title={Programming by voice, VocalProgramming},
  author={Arnold, Stephen C and Mark, Leo and Goldthwaite, John},
  booktitle={Proceedings of the fourth international ACM conference on Assistive technologies},
  pages={149--155},
  year={2000}
}

@article{sulir2021natural,
  title={Natural mapping between voice commands and APIs},
  author={Sul{\'\i}r, Mat{\'u}{\v{s}} and Porub{\"a}n, Jaroslav},
  journal={Open Computer Science},
  volume={11},
  number={1},
  pages={135--145},
  year={2021},
  publisher={De Gruyter}
}

@article{davidson2019dependency,
  title={Dependency parsing for spoken dialog systems},
  author={Davidson, Sam and Yu, Dian and Yu, Zhou},
  journal={arXiv preprint arXiv:1909.03317},
  year={2019}
}

@misc{voskwebsite,
    title     = "VOSK Offline Speech Recognition API",
    url       = "https://alphacephei.com/vosk/"
}

// linguistics

@article{sapir1921language,
  title={Language by Edward Sapir},
  author={Sapir, Edward},
  year={1921}
}

@inproceedings{haspelmath2017analytic,
  title={Analytic and synthetic},
  author={Haspelmath, Martin and Michaelis, Susanne Maria},
  booktitle={Language Variation-European Perspectives VI: Selected papers from the Eighth International Conference on Language Variation in Europe},
  pages={3--21},
  year={2017}
}

@article{kuno1976gapping,
  title={Gapping: A functional analysis},
  author={Kuno, Susumu},
  journal={Linguistic Inquiry},
  volume={7},
  number={2},
  pages={300--318},
  year={1976},
  publisher={JSTOR}
}

// Topic and Comment Daniel B¨uring (UCLA) 
// https://www.igntu.ac.in/eContent/IGNTU-eContent-845977415543-MA-Linguistics-2-HarjitSingh-IntroductiontoSemanticsandPragmatics-6.pdf
@book{Hogan2010-ATKTCE-3,
	address = {Cambridge, U.K},
	editor = {Patrick Colm Hogan},
	publisher = {Cambridge University Press},
	title = {The Cambridge Encyclopaedia of the Language Sciences},
	year = {2010}
}

@article{fantechi2021language,
  title={Language and Communication Problems in Formalization: A Natural Language Approach},
  author={Fantechi, Alessandro and Gnesi, Stefania and Semini, Laura},
  journal={Logic, Computation and Rigorous Methods: Essays Dedicated to Egon B{\"o}rger on the Occasion of His 75th Birthday},
  pages={121--134},
  year={2021},
  publisher={Springer}
}

@article{butteryformal,
  title={Formal Models of Language: Language as Information},
  author={Buttery, Paula}
}

@misc{larkwebsite,
    title     = "Lark Documentation",
    url       = "https://lark-parser.readthedocs.io/en/stable/"
}

@inproceedings{mihalcea2006nlp,
  title={NLP (natural language processing) for NLP (natural language programming)},
  author={Mihalcea, Rada and Liu, Hugo and Lieberman, Henry},
  booktitle={Computational Linguistics and Intelligent Text Processing: 7th International Conference, CICLing 2006, Mexico City, Mexico, February 19-25, 2006. Proceedings 7},
  pages={319--330},
  year={2006},
  organization={Springer},
}


@misc{semantic-gap-techopedia-website,
    title     = "What is the Semantic Gap? - Definition from Techopedia",
    author    = "Margaret Rouse",
    url       = "https://www.techopedia.com/definition/21996/semantic-gap"
}

@article{jurafsky2018dependency,
  title={Dependency parsing},
  author={Jurafsky, Daniel and Martin, James H},
  journal={Speech and Language Processing},
  pages={1--27},
  year={2018}
}

@article{nunberg1993indexicality,
  title={Indexicality and deixis},
  author={Nunberg, Geoffrey},
  journal={Linguistics and philosophy},
  pages={1--43},
  year={1993},
  publisher={JSTOR}
}

// TODO
https://dictionary.cambridge.org/dictionary/english/hypernym


// logic & AI

// TODO
Conceptual Modelling and Artificial Intelligence Peter Fettke
[local](../attachments/conceptual-modelling-and-artificial-intelligence-ai.pdf)


@book{brachman2022machines,
  title={Machines like us: toward AI with common sense},
  author={Brachman, Ronald J and Levesque, Hector J},
  year={2022},
  publisher={MIT Press}
}

@article{kautz2023ronald,
  title={Ronald J. Brachman and Hector J. Levesque, Machines Like Us: Toward AI with Common Sense},
  author={Kautz, Henry},
  journal={Prometheus},
  volume={39},
  number={2},
  pages={121--124},
  year={2023},
  publisher={Pluto Journals}
}

@misc{mccarthy1959programs,
  title={Programs with common sense},
  author={McCarthy, John},
  year={1959},
  publisher={London}
}

@inproceedings{michael2017advice,
  title={The Advice Taker 2.0.},
  author={Michael, Loizos},
  booktitle={COMMONSENSE},
  year={2017}
}


@article{purdy1991logic,
  title={A logic for natural language.},
  author={Purdy, William C},
  journal={Notre Dame Journal of Formal Logic},
  volume={32},
  number={3},
  pages={409--425},
  year={1991},
  publisher={Duke University Press}
}

@article{baader2001unification,
  title={Unification theory},
  author={Baader, Franz and Snyder, Wayne},
  journal={Handbook of automated reasoning},
  volume={1},
  pages={445--532},
  year={2001}
}

@inproceedings{ilkou2020symbolic,
  title={Symbolic Vs Sub-symbolic AI Methods: Friends or Enemies?},
  author={Ilkou, Eleni and Koutraki, Maria},
  booktitle={CIKM (Workshops)},
  volume={2699},
  year={2020}
}

@inproceedings{brachman2022toward,
  title={Toward a new science of common sense},
  author={Brachman, Ronald J and Levesque, Hector J},
  booktitle={Proceedings of the AAAI Conference on Artificial Intelligence},
  volume={36},
  number={11},
  pages={12245--12249},
  year={2022}
}

@misc{whatisgptdoing,
    title   =   {What Is ChatGPT Doing and Why Does It Work?},
    author  =   {Stephen Wolfram},
    url     =   "https://writings.stephenwolfram.com/2023/02/what-is-chatgpt-doing-and-why-does-it-work/",
}

@inproceedings{paritosh2006heuristic,
  title={The heuristic reasoning manifesto},
  author={Paritosh, Praveen K},
  booktitle={Proceedings of the 20th International Workshop on Qualitative Reasoning},
  year={2006}
}

@misc{promtguidewebsite,
    title   =   {Prompt Engineering Guide},
    url     =   "https://www.promptingguide.ai/",
}

@article{bork2021conceptual,
  title={Conceptual modeling and artificial intelligence: mutual benefits from complementary worlds},
  author={Bork, Dominik},
  journal={arXiv preprint arXiv:2110.08637},
  year={2021}
}

@article{yang2021learning,
  title={Learning symbolic rules for reasoning in quasi-natural language},
  author={Yang, Kaiyu and Deng, Jia},
  journal={arXiv preprint arXiv:2111.12038},
  year={2021}
}

@article{levesque2014our,
  title={On our best behaviour},
  author={Levesque, Hector J},
  journal={Artificial Intelligence},
  volume={212},
  pages={27--35},
  year={2014},
  publisher={Elsevier}
}


@article{smith2006history,
  title={The history of artificial intelligence},
  author={Smith, Chris and McGuire, Brian and Huang, Ting and Yang, Gary},
  journal={University of Washington},
  volume={27},
  year={2006}
}

@misc{turingtestobsolete,
    title={The Turing Test for AI Is Far Beyond Obsolete},
    url="https://www.popularmechanics.com/technology/robots/a43328241/turing-test-for-artificial-intelligence-is-obsolete/",
}

@misc{gptbroketuring,
    title={ChatGPT broke the Turing test — the race is on for new ways to assess AI},
    url="https://www.nature.com/articles/d41586-023-02361-7"
}

@book{turing2009computing,
  title={Computing machinery and intelligence},
  author={Turing, Alan M},
  year={2009},
  publisher={Springer}
}

// natural/istic programming

@inproceedings{knoll2006pegasus,
  title={Pegasus: first steps toward a naturalistic programming language},
  author={Kn{\"o}ll, Roman and Mezini, Mira},
  booktitle={Companion to the 21st ACM SIGPLAN symposium on Object-oriented programming systems, languages, and applications},
  pages={542--559},
  year={2006}
}

@inproceedings{knoll2011naturalistic,
  title={Naturalistic types},
  author={Kn{\"o}ll, Roman and Gasiunas, Vaidas and Mezini, Mira},
  booktitle={Proceedings of the 10th SIGPLAN symposium on New ideas, new paradigms, and reflections on programming and software},
  pages={33--48},
  year={2011}
}

@article{lopes2003beyond,
  title={Beyond AOP: toward naturalistic programming},
  author={Lopes, Cristina Videira and Dourish, Paul and Lorenz, David H and Lieberherr, Karl},
  journal={ACM Sigplan Notices},
  volume={38},
  number={12},
  pages={34--43},
  year={2003},
  publisher={ACM New York, NY, USA}
}

@inproceedings{liu2005metafor,
  title={Metafor: Visualizing stories as code},
  author={Liu, Hugo and Lieberman, Henry},
  booktitle={Proceedings of the 10th international conference on Intelligent user interfaces},
  pages={305--307},
  year={2005}
}

@inproceedings{liu2005programmatic,
  title={Programmatic semantics for natural language interfaces},
  author={Liu, Hugo and Lieberman, Henry},
  booktitle={CHI'05 extended abstracts on Human factors in computing systems},
  pages={1597--1600},
  year={2005}
}

@inproceedings{liu2004toward,
  title={Toward a programmatic semantics of natural language},
  author={Liu, Hugo and Lieberman, Henry},
  booktitle={2004 IEEE Symposium on Visual Languages-Human Centric Computing},
  pages={281--282},
  year={2004},
  organization={IEEE}
}

@misc{foolishnessnatprogramming,
    title={On the foolishness of "natural language programming"},
    url="https://www.cs.utexas.edu/users/EWD/transcriptions/EWD06xx/EWD667.html",
}

@inproceedings{price2000naturaljava,
  title={NaturalJava: A natural language interface for programming in Java},
  author={Price, David and Rilofff, Ellen and Zachary, Joseph and Harvey, Brandon},
  booktitle={Proceedings of the 5th international conference on Intelligent user interfaces},
  pages={207--211},
  year={2000}
}

@article{kuhn2014survey,
  title={A survey and classification of controlled natural languages},
  author={Kuhn, Tobias},
  journal={Computational linguistics},
  volume={40},
  number={1},
  pages={121--170},
  year={2014},
  publisher={Mit press One Rogers Street, Cambridge, MA 02142-1209, USA journals-info~…}
}

@article{pulido2017survey,
  title={A survey of naturalistic programming technologies},
  author={Pulido-Prieto, Oscar and Ju{\'a}rez-Mart{\'\i}nez, Ulises},
  journal={ACM Computing Surveys (CSUR)},
  volume={50},
  number={5},
  pages={1--35},
  year={2017},
  publisher={ACM New York, NY, USA}
}

@article{miller1981natural,
  title={Natural language programming: Styles, strategies, and contrasts},
  author={Miller, Lance A},
  journal={IBM Systems Journal},
  volume={20},
  number={2},
  pages={184--215},
  year={1981},
  publisher={IBM}
}

@misc{skuce2003controlled,
  title={A controlled language for knowledge formulation on the semantic web},
  author={Skuce, Doug},
  year={2003},
  publisher={ms}
}

@inproceedings{hernandez2021evolution,
  title={Evolution of Naturalistic Programming: A Need},
  author={Hern{\'a}ndez-Gonz{\'a}lez, Lizbeth A and Ju{\'a}rez-Mart{\'\i}nez, Ulises and Alducin-Francisco, Luisa M},
  booktitle={New Perspectives in Software Engineering: Proceedings of the 9th International Conference on Software Process Improvement (CIMPS 2020)},
  pages={185--198},
  year={2021},
  organization={Springer}
}


// TODO: manual
@misc{osmosianblog,
    title={The Osmosian Order of Plain English Programmers},
    url="https://osmosianplainenglishprogramming.blog/",
}

@inproceedings{smialek2012runtime,
  title={Runtime semantics of use case stories},
  author={{\'S}mia{\l}ek, Micha{\l} and Jarz{\k{e}}bowski, Norbert and Nowakowski, Wiktor},
  booktitle={2012 IEEE Symposium on Visual Languages and Human-Centric Computing (VL/HCC)},
  pages={159--162},
  year={2012},
  organization={IEEE}
}

@article{pulido2019model,
  title={A model for naturalistic programming with implementation},
  author={Pulido-Prieto, Oscar and Ju{\'a}rez-Mart{\'\i}nez, Ulises},
  journal={Applied Sciences},
  volume={9},
  number={18},
  pages={3936},
  year={2019},
  publisher={MDPI}
}

@book{fuchs1999attempto,
  title={Attempto controlled english (ace) language manualversion 3.0},
  author={Fuchs, Norbert E and Schwertel, Uta and Schwitter, Rolf},
  year={1999},
  publisher={University of Zurich}
}

@article{fuchs2006attempto,
  title={Attempto Controlled English meets the challenges of knowledge representation, reasoning, interoperability and user interfaces},
  author={Fuchs, Norbert E and Kaljurand, Kaarel},
  year={2006},
  publisher={University of Zurich}
}

@misc{pegasuswebsite,
    title={Pegasus Project},
    url="http://www.pegasus-project.org/en/Welcome.html",
}

// programming

@misc{revengenerds,
    title={Revenge of the Nerds},
    author={Paul Graham},
    url="http://www.paulgraham.com/icad.html",
}

@article{Welsh2022,
  doi = {10.1145/3570220},
  url = {https://doi.org/10.1145/3570220},
  year = {2022},
  month = dec,
  publisher = {Association for Computing Machinery ({ACM})},
  volume = {66},
  number = {1},
  pages = {34--35},
  author = {Matt Welsh},
  title = {The End of Programming},
  journal = {Communications of the {ACM}}
}

@misc{lisproots,
    title={The Roots of Lisp},
    author={Paul Graham},
    url="http://www.paulgraham.com/rootsoflisp.html",
}

@article{DBLP:journals/corr/abs-2007-02699,
  author       = {K. R. Chowdhary},
  title        = {On the Evolution of Programming Languages},
  journal      = {CoRR},
  volume       = {abs/2007.02699},
  year         = {2020},
  url          = {https://arxiv.org/abs/2007.02699},
  eprinttype    = {arXiv},
  eprint       = {2007.02699},
  timestamp    = {Fri, 17 Jul 2020 15:39:46 +0200},
  biburl       = {https://dblp.org/rec/journals/corr/abs-2007-02699.bib},
  bibsource    = {dblp computer science bibliography, https://dblp.org}
}

@article{knuth1984literate,
  title={Literate programming},
  author={Knuth, Donald Ervin},
  journal={The computer journal},
  volume={27},
  number={2},
  pages={97--111},
  year={1984},
  publisher={Oxford University Press}
}

@book{alexander2017functional,
  title={Functional Programming, Simplified: (Scala Edition)},
  author={Alexander, Alvin},
  year={2017},
  publisher={CreateSpace Independent Publishing Platform}
}

@article{salvaneschi2017positive,
  title={On the positive effect of reactive programming on software comprehension: An empirical study},
  author={Salvaneschi, Guido and Proksch, Sebastian and Amann, Sven and Nadi, Sarah and Mezini, Mira},
  journal={IEEE Transactions on Software Engineering},
  volume={43},
  number={12},
  pages={1125--1143},
  year={2017},
  publisher={IEEE}
}

@inproceedings{schwill1994cognitive,
  title={Cognitive aspects of object-oriented programming},
  author={Schwill, Andreas},
  booktitle={IFIP WG 3.1 Working Conference “Integrating Information Technology into Education},
  year={1994}
}

@misc{alankayoop,
    title={Dr. Alan Kay  on the Meaning of “Object-Oriented Programming”},
    url="http://userpage.fu-berlin.de/~ram/pub/pub_jf47ht81Ht/doc_kay_oop_en",
}

@misc{shapeofcode,
    title={The Shape of Code},
    author={Derek Jones},
    url={https://shape-of-code.com/2018/05/08/type-compatibility-name-vs-structural-equivalence/}
}

@inproceedings{steele1998growing,
  title={Growing a language},
  author={Steele Jr, Guy L},
  booktitle={Object-Oriented Programming, Systems, Languages, and Applications (OOPSLA)},
  year={1998}
}

@misc{reactreconciliation,
    title={Reconciliation},
    url={https://legacy.reactjs.org/docs/reconciliation.html},
}

// philosophy

@article{searle1999chinese,
  title={The Chinese Room},
  author={Searle, John},
  year={1999}
}

@book{feser2006philosophy,
  title={Philosophy of mind: A beginner's guide},
  author={Feser, Edward},
  year={2006},
  publisher={Simon and Schuster}
}

@incollection{mccarthy1981some,
  title={Some philosophical problems from the standpoint of artificial intelligence},
  author={McCarthy, John and Hayes, Patrick J},
  booktitle={Readings in artificial intelligence},
  pages={431--450},
  year={1981},
  publisher={Elsevier}
}

@misc{chineseroomstan,
    title={The Chinese Room Argument},
    url={https://plato.stanford.edu/entries/chinese-room/}
}

@misc{folstan,
    title={The Emergence of First-Order Logic},
    url={https://plato.stanford.edu/entries/logic-firstorder-emergence/}
}

@misc{analyticsyntheticstan,
    title={The Analytic/Synthetic Distinction},
    url={https://plato.stanford.edu/entries/analytic-synthetic/}
}

@misc{compostan,
    title={Compositionality},
    url={https://plato.stanford.edu/entries/compositionality/}
}

@incollection{mccarthy1981epistemological,
  title={Epistemological problems of artificial intelligence},
  author={McCarthy, John},
  booktitle={Readings in artificial intelligence},
  pages={459--465},
  year={1981},
  publisher={Elsevier}
}

@misc{drstan,
    title={Discourse Representation Theory},
    url={https://plato.stanford.edu/entries/discourse-representation-theory/}
}

TODO
// Ockham's razor

// TODO
##### On Deep Computational Formalization of Natural Language
##### Program Synthesis using Natural Language Aditya Desai et al
##### Learning to Transform Natural to Formal Languages Rohit J. Kate et al
##### An approach to natural language semantics in logic programming  PATRICK SAINT-DIZIER